@book{ghanbari_2003,
    place={London},
    title={Standard codecs: Image Compression to Advanced Video Coding},
    publisher={Institution of Electrical Engineers},
    author={Ghanbari, M.},
    year={2003}
}

@misc{wiki:Video_coding_format,
   author = "Wikipedia",
   title = "{Video coding format} --- {W}ikipedia{,} The Free Encyclopedia",
   year = "2020",
   howpublished = {\url{http://en.wikipedia.org/w/index.php?title=Video\%20coding\%20format}},
   note = "[Online; accessed 13-May-2020]"
}

@misc{wiki:Timeline_of_online_video,
   author = "Wikipedia",
   title = "{Timeline of online video} --- {W}ikipedia{,} The Free Encyclopedia",
   year = "2020",
   howpublished = {\url{http://en.wikipedia.org/w/index.php?title=Timeline\%20of\%20online\%20video}},
   note = "[Online; accessed 13-May-2020]"
}

@misc{wiki:Discrete_cosine_transform,
   author = "Wikipedia",
   title = "{Discrete cosine transform} --- {W}ikipedia{,} The Free Encyclopedia",
   year = "2020",
   howpublished = {\url{http://en.wikipedia.org/w/index.php?title=Discrete\%20cosine\%20transform}},
   note = "[Online; accessed 13-May-2020]"
}

@misc{wiki:H.261,
   author = "Wikipedia",
   title = "{H.261} --- {W}ikipedia{,} The Free Encyclopedia",
   year = "2020",
   howpublished = {\url{http://en.wikipedia.org/w/index.php?title=H.261}},
   note = "[Online; accessed 13-May-2020]"
}

@misc{wiki:ITU-T,
   author = "Wikipedia",
   title = "{ITU-T} --- {W}ikipedia{,} The Free Encyclopedia",
   year = "2020",
   howpublished = {\url{http://en.wikipedia.org/w/index.php?title=ITU-T}},
   note = "[Online; accessed 13-May-2020]"
}

@misc{real_timeline,
    title={The History of Video File Formats Infographic - RealPlayer},
    url={https://blog.real.com/resources/digital-video-file-formats/},
    journal={RealPlayer and RealTimes Blog},
    author={Realnetworks, Inc},
    year={2015},
    month={May}
}

@misc{wiki:Advanced_Video_Coding,
   author = "Wikipedia",
   title = "{Advanced Video Coding} --- {W}ikipedia{,} The Free Encyclopedia",
   year = "2020",
   howpublished = {\url{http://en.wikipedia.org/w/index.php?title=Advanced\%20Video\%20Coding}},
   note = "[Online; accessed 13-May-2020]"
}

@misc{wiki:High_Efficiency_Video_Coding,
   author = "Wikipedia",
   title = "{High Efficiency Video Coding} --- {W}ikipedia{,} The Free Encyclopedia",
   year = "2020",
   howpublished = {\url{http://en.wikipedia.org/w/index.php?title=High\%20Efficiency\%20Video\%20Coding}},
   note = "[Online; accessed 13-May-2020]"
}

@misc{wiki:Digital_container_format,
   author = "Wikipedia",
   title = "{Digital container format} --- {W}ikipedia{,} The Free Encyclopedia",
   year = "2020",
   howpublished = {\url{http://en.wikipedia.org/w/index.php?title=Digital\%20container\%20format}},
   note = "[Online; accessed 13-May-2020]"
}

@misc{wiki:YouTube,
   author = "Wikipedia",
   title = "{YouTube} --- {W}ikipedia{,} The Free Encyclopedia",
   year = "2020",
   howpublished = {\url{http://en.wikipedia.org/w/index.php?title=YouTube}},
   note = "[Online; accessed 13-May-2020]"
}

@misc{youtube_quality,
	title = {{Encoding YouTube Videos at the Highest Quality - Videomaker}},
	journal = {Videomaker},
	year = {2019},
	month = {Aug},
	note = {[Online; accessed 14. May 2020]},
	url = {https://www.videomaker.com/article/c05/17034-encoding-youtube-videos-at-the-highest-quality}
}

@misc{youtube_phrasee,
	title = {{The history of YouTube - Phrasee}},
	journal = {Phrasee},
	year = {2016},
	month = {May},
	note = {[Online; accessed 14. May 2020]},
	url = {https://phrasee.co/the-history-of-youtube}
}

@misc{wiki:VP8,
   author = "Wikipedia",
   title = "{VP8} --- {W}ikipedia{,} The Free Encyclopedia",
   year = "2020",
   howpublished = {\url{http://en.wikipedia.org/w/index.php?title=VP8}},
   note = "[Online; accessed 14-May-2020]"
 }

 @misc{ucalgary-hom,
	title = {{History of Multimedia}},
	year = {1998},
	month = {Apr},
	note = {[Online; accessed 15. May 2020]},
	url = {https://people.ucalgary.ca/~edtech/688/hist.htm}
}

@misc{wiki:Digital_media,
   author = "Wikipedia",
   title = "{Digital media} --- {W}ikipedia{,} The Free Encyclopedia",
   year = "2020",
   howpublished = {\url{http://en.wikipedia.org/w/index.php?title=Digital\%20media}},
   note = "[Online; accessed 15-May-2020]"
 }

 @misc{wiki:Alliance_for_Open_Media,
   author = "Wikipedia",
   title = "{Alliance for Open Media} --- {W}ikipedia{,} The Free Encyclopedia",
   year = "2020",
   howpublished = {\url{http://en.wikipedia.org/w/index.php?title=Alliance\%20for\%20Open\%20Media}},
   note = "[Online; accessed 15-May-2020]"
 }

 @misc{wiki:AV1,
   author = "Wikipedia",
   title = "{AV1} --- {W}ikipedia{,} The Free Encyclopedia",
   year = "2020",
   howpublished = {\url{http://en.wikipedia.org/w/index.php?title=AV1}},
   note = "[Online; accessed 15-May-2020]"
 }